@STRING{sigplan-notices = {SIGPLAN Notices}}
@STRING{europar = {European Conference on Parallel Processing (Euro-Par)}}
@STRING{cgo = {Proceedings of Code Generation and optimization (CGO)}}
@STRING{icalp = {Proceedings of the International Colloquium on Automata,
                 Languages and Programming (ICALP)}}
@STRING{tocs =   {ACM Transactions on Computing Systems}}
@STRING{rtas =   {Proceedings of Real-Time Technology and
                 Applications Symposium (RTAS)}}
@STRING{ecoop =  {Proceedings of the European Conference on Object-Oriented
                 Programming (ECOOP)}}
@STRING{lfp =    {Proceedings of the ACM Symposium on LISP and Functional
                 Programming (LFP)}}
@STRING{ipl =    {Information Processing Letters}}
@STRING{isc =    {Proceedings of the Information Security Conference (ISC)}}
@STRING{isss =   {Proceedings of the International Symposium on System
                 Synthesis (ISSS)}}
@STRING{ismm =   {Proceedings of the International Symposium on Memory Management
                 (ISMM)}}
@STRING{fpt = {Proceedings of the International Conference on
                  Field-Programmable Technology (FPT)}}
@STRING{ancs = {Proceedings of the Symposium on Architecture for
                  Networking and Communication Systems (ANCS)}}
@STRING{sigcomm = {Proceedings of the Conference on Applications,
                 technologies, architectures, and protocols for computer
                 communication (SIGCOMM)}}
@STRING{infocom = {Proceedings of the International Conference on
                  Computer Communications (INFOCOM)}}
@STRING{charme =  {Proceedings of Correct Hardware Design and Verification
                   Methods (CHARME)}}
@STRING{jfp  =    {Journal of Functional Programming}}
@STRING{icfp =    {Proceedings of the International Conference on
                  Functional Programming (ICFP)}}
@STRING{pact =    {Proceedings of the International Conference on
                  Parallel Architectures and Compilation Techniques (PACT)}}
@STRING{tvt =     {IEEE Transactions on Vehicular Technology}}
@STRING{trr =     {Transportation Research Record: Journal of the
                  Transportation Research Board}}
@STRING{acm =     {Association for Computing Machinery} }
@STRING{acsd =    {Proceedings of the International Conference on Application
                  of Concurrency to System Design (ACSD)} }
@STRING{ap =      {Academic Press} }
@STRING{asp-dac = {Proceedings of the Asia South Pacific Design Automation
                  Conference (ASP-DAC)} }
@STRING{asplos =  {Proceedings of the International Conference on
                  Architectural Support for Programming Languages and
                  Operating Systems (ASPLOS)} }
@STRING{async =   {Proceedings of the International Symposium on Advanced
                  Research in Asynchronous Circuits and Systems (ASYNC)} }
@STRING{aw =      {Addison-Wesley} }
@STRING{aw_a =    {Reading, Massachusetts} }
@STRING{bc =      {Benjamin/Cummings} }
@STRING{bc_a =    {Redwood City, California} }
@STRING{cacm =    {Communications of the ACM} }
@STRING{cases =   {Proceedings of the International Conference on Compilers,
                  Architecture, and Synthesis for Embedded Systems (CASES)} }
@STRING{cases2000a={San Jose, California} }
@STRING{cases2001a={Atlanta, Georgia} }
@STRING{cav =     {Proceedings of the International Conference on
                  Computer-Aided Verification (CAV)} }
@STRING{cav1990 = {Proceedings of the 2nd International Conference on
                  Computer-Aided Verification (CAV)} }
@STRING{cav1990_a ={New Brunswick, New Jersey} }
@STRING{cav1993 = {Proceedings of the 5th International Conference on
                  Computer-Aided Verification (CAV)} }
@STRING{cav1993_a ={Elounda, Greece} }
@STRING{cav1995 = {Proceedings of the 7th International Conference on
                  Computer-Aided Verification (CAV)} }
@STRING{cav1995_a ={Li\`ege, Belgium} }
@STRING{cav1996 = {Proceedings of the 8th International Conference on
                  Computer-Aided Verification (CAV)} }
@STRING{cav1996_a ={New Brunswick, New Jersey} }
@STRING{cav1997 = {Proceedings of the 9th International Conference on
                  Computer-Aided Verification (CAV)} }
@STRING{cav1997_a ={Haifa, Isreal} }
@STRING{cav1999 = {Proceedings of the 11th International Conference on
                  Computer-Aided Verification (CAV)} }
@STRING{cav1999_a ={Trento, Italy} }
@STRING{cav2000 = {Proceedings of the 12th International Conference on
                  Computer-Aided Verification (CAV)} }
@STRING{cav2000_a ={Chicago, Illinois} }
@STRING{cav2001 = {Proceedings of the 13th International Conference on
                  Computer-Aided Verification (CAV)} }
@STRING{cav2001_a ={Paris, France} }
@STRING{cav2003 = {Proceedings of the 15th International Conference on
                  Computer-Aided Verification (CAV)} }
@STRING{cav2003_a ={Boulder, Colorado} }
@STRING{cav2005 = {Proceedings of the 17th International Conference on
                  Computer-Aided Verification (CAV)} }
@STRING{cav2005_a ={Edinburgh, Scotland} }
@STRING{cav2008 = {Proceedings of the 20th International Conference on
                  Computer-Aided Verification (CAV)} }
@STRING{cav2008_a ={Princeton, New Jersey} }
@STRING{cc =      {Proceedings of Compiler Construction (CC)} }
@STRING{cmp =     {CMP Books} }
@STRING{cmp_a =   {Lawrence, Kansas} }
@STRING{cmu =     {Carnegie Mellon University} }
@STRING{codesisss ={Proceedings of the International Conference on
                  Hardware/Software Codesign and System Synthesis
                  (CODES+ISSS)} }
@STRING{computer ={IEEE Computer} }
@STRING{cucs =    {Columbia University, Department of Computer Science} }
@STRING{cup =     {Cambridge University Press} }
@STRING{cup_a =   {Cambridge, UK} }
@STRING{dac =     {Proceedings of the Design Automation Conference (DAC)} }
@STRING{dac00 =   {Proceedings of the 37th Design Automation Conference} }
@STRING{dac00a =  {Los Angeles, California} }
@STRING{dac01 =   {Proceedings of the 38th Design Automation Conference} }
@STRING{dac01a =  {Las Vegas, Nevada} }
@STRING{dac02 =   {Proceedings of the 39th Design Automation Conference} }
@STRING{dac02a =  {New Orleans, Louisiana} }
@STRING{dac03 =   {Proceedings of the 40th Design Automation Conference} }
@STRING{dac03a =  {Anaheim, California} }
@STRING{dac04 =   {Proceedings of the 41th Design Automation Conference} }
@STRING{dac04a =  {San Diego, California} }
@STRING{dac05 =   {Proceedings of the 42nd Design Automation Conference} }
@STRING{dac05a =  {Anaheim, California} }
@STRING{dac06 =   {Proceedings of the 43rd Design Automation Conference} }
@STRING{dac06a =  {San Francisco, California} }
@STRING{dac07 =   {Proceedings of the 44th Design Automation Conference} }
@STRING{dac07a =  {San Diego, California} }
@STRING{dac09 =   {Proceedings of the 46th Design Automation Conference} }
@STRING{dac09a =  {San Francisco, California} }
@STRING{dac10 =   {Proceedings of the 47th Design Automation Conference} }
@STRING{dac10a =  {Anaheim, California} }
@STRING{dac13 =   {Proceedings of the 50th Design Automation Conference} }
@STRING{dac13a =  {Austin, Texas} }
@STRING{dac14 =   {Proceedings of the 51st Design Automation Conference} }
@STRING{dac14a =  {San Francisco, California} }
@STRING{dac15 =   {Proceedings of the 52nd Design Automation Conference} }
@STRING{dac16 =   {Proceedings of the 53rd Design Automation Conference} }
@STRING{dac16a =  {Austin, Texas} }
@STRING{dac64 =   {Proceedings of the 1st Design Automation Conference} }
@STRING{dac65 =   {Proceedings of the 2nd Design Automation Conference} }
@STRING{dac66 =   {Proceedings of the 3rd Design Automation Conference} }
@STRING{dac67 =   {Proceedings of the 4th Design Automation Conference} }
@STRING{dac68 =   {Proceedings of the 5th Design Automation Conference} }
@STRING{dac69 =   {Proceedings of the 6th Design Automation Conference} }
@STRING{dac70 =   {Proceedings of the 7th Design Automation Conference} }
@STRING{dac71 =   {Proceedings of the 8th Design Automation Conference} }
@STRING{dac71a =  {Atlantic City, New Jersey} }
@STRING{dac72 =   {Proceedings of the 9th Design Automation Conference} }
@STRING{dac73 =   {Proceedings of the 10th Design Automation Conference} }
@STRING{dac74 =   {Proceedings of the 11th Design Automation Conference} }
@STRING{dac75 =   {Proceedings of the 12th Design Automation Conference} }
@STRING{dac76 =   {Proceedings of the 13th Design Automation Conference} }
@STRING{dac77 =   {Proceedings of the 14th Design Automation Conference} }
@STRING{dac78 =   {Proceedings of the 15th Design Automation Conference} }
@STRING{dac79 =   {Proceedings of the 16th Design Automation Conference} }
@STRING{dac79a =  {San Diego, California} }
@STRING{dac80 =   {Proceedings of the 17th Design Automation Conference} }
@STRING{dac81 =   {Proceedings of the 18th Design Automation Conference} }
@STRING{dac82 =   {Proceedings of the 19th Design Automation Conference} }
@STRING{dac82a =  {Las Vegas, Nevada} }
@STRING{dac83 =   {Proceedings of the 20th Design Automation Conference} }
@STRING{dac83a =  {Miami Beach, Florida} }
@STRING{dac84 =   {Proceedings of the 21st Design Automation Conference} }
@STRING{dac85 =   {Proceedings of the 22nd Design Automation Conference} }
@STRING{dac86 =   {Proceedings of the 23rd Design Automation Conference} }
@STRING{dac86a =  {Las Vegas, Nevada} }
@STRING{dac87 =   {Proceedings of the 24th Design Automation Conference} }
@STRING{dac87a =  {} }
@STRING{dac88 =   {Proceedings of the 25th Design Automation Conference} }
@STRING{dac88a =  {Anaheim, California} }
@STRING{dac89 =   {Proceedings of the 26th Design Automation Conference} }
@STRING{dac89a =  {Las Vegas, Nevada} }
@STRING{dac90 =   {Proceedings of the 27th Design Automation Conference} }
@STRING{dac90a =  {Orlando, Florida} }
@STRING{dac91 =   {Proceedings of the 28th Design Automation Conference} }
@STRING{dac91a =  {San Francisco, California} }
@STRING{dac92 =   {Proceedings of the 29th Design Automation Conference} }
@STRING{dac92a =  {Anaheim, California} }
@STRING{dac93 =   {Proceedings of the 30th Design Automation Conference} }
@STRING{dac93a =  {Dallas, Texas} }
@STRING{dac94 =   {Proceedings of the 31st Design Automation Conference} }
@STRING{dac94a =  {San Diego, California} }
@STRING{dac95 =   {Proceedings of the 32nd Design Automation Conference} }
@STRING{dac95a =  {San Francisco, California} }
@STRING{dac96 =   {Proceedings of the 33rd Design Automation Conference} }
@STRING{dac96a =  {Las Vegas, Nevada} }
@STRING{dac97 =   {Proceedings of the 34th Design Automation Conference} }
@STRING{dac97a =  {Anaheim, California} }
@STRING{dac98 =   {Proceedings of the 35th Design Automation Conference} }
@STRING{dac98a =  {San Francisco, California} }
@STRING{dac99 =   {Proceedings of the 36th Design Automation Conference} }
@STRING{dac99a =  {New Orleans, Louisiana} }
@STRING{daes =    {Design Automation for Embedded Systems} }
@STRING{date =    {Proceedings of Design, Automation, and Test in Europe
                  (DATE)} }
@STRING{dm =      {Discrete Mathematics} }
@STRING{edtc =    {Proceedings of the European Design and Test Conference (ED\&TC)}}
@STRING{els =     {Elsevier Science} }
@STRING{emsoft =  {Proceedings of the International Conference on Embedded
                  Software (Emsoft)} }
@STRING{entcs =   {Electronic Notes in Theoretical Computer Science} }
@STRING{esop =    {Proceedings of the European Symposium on Programming
                  (ESOP)} }
@STRING{euromicro-dsd={Proceedings of the Euromicro Conference on Digital
                  System Design (DSD)} }
@STRING{fccm =    {Proceedings of the Symposium on FPGAs for Custom Computing
                  Machines (FCCM)} }
@STRING{fdl  =    {Forum on Specification and Design Languages (FDL)} }
@STRING{fmcad =   {Formal Methods in Computer-Aided Design (FMCAD)} }
@STRING{fpga =    {Proceedings of the International Symposium on
                  Field-Programmable Gate Arrays (FPGA)} }
@STRING{fpl =     {Proceedings of the Conference on Field-Programmable Logic
                  and Applications (FPL)} }
@STRING{fse =     {Proceedings of Foundations of Software Engineering (FSE)} }
@STRING{hpca =    {Proceedings of the Symposium on High Performance Computer
                  Architecture} }
@STRING{hpcn =    {International Journal of High Performance Computing and
                  Networking} }
@STRING{icassp =  {Proceedings of the International Conference on
                  Acoustics, Speech, \& Signal Processing (ICASSP)} }
@STRING{iccad =   {Proceedings of the International Conference on
                  Computer Aided Design (ICCAD)} }
@STRING{iccad_a = {San Jose, California} }
@STRING{iccd =    {Proceedings of the IEEE International Conference on
                  Computer Design (ICCD)} }
@STRING{icse =    {Proceedings of the International Conference on Software
                  Engineering (ICSE)} }
@STRING{iedm =    {IEEE International Electron Devices Meeting} }
@STRING{ieee =    {The Institute of Electrical and Electronics Engineers (IEEE)} }
@STRING{ieee_a =  {New York, New York} }
@STRING{ieeecs =  {IEEE Computer Society Press} }
@STRING{ieeecs_a ={New York, New York} }
@STRING{ieeecsm = {IEEE Circuits and Systems Magazine} }
@STRING{ieeedtc = {IEEE Design \& Test of Computers} }
@STRING{ieeemicro ={IEEE Micro} }
@STRING{iiswc =   {Proceedings of the International Symposium on
                   Workload Characterization (IISWC)} }
@STRING{ipdps =   {Proceedings of the International Parallel and Distributed
                  Processing Symposium (IPDPS)} }
@STRING{isca =    {Proceedings of the International Symposium on Computer
                  Architecture (ISCA)} }
@STRING{iscas =   {Proceedings of the International Symposium on Circuits and
                  Systems (ISCAS)} }
@STRING{islped =  {Proceedings of the International Symposium on Low Power Electronics and
                  Design (ISLPED)} }
@STRING{ispd =    {Proc. of the Intl. Symposium on Physical Design} }
@STRING{isscc =   {Proceedings of the International Solid-State Circuits
                  Conference (ISSCC)} }
@STRING{iwls =    {Proceedings of the International Workshop on Logic
                  Synthesis (IWLS)} }
@STRING{iwls_a =  {Tahoe City, California} }
@STRING{jacm =    {Journal of the Association for Computing Machinery} }
@STRING{jaes =    {Journal of the Audio Engineering Society} }
@STRING{jfmsd =   {Journal of Formal Methods in System Design} }
@STRING{joop =    {Journal of Object-Oriented Programming} }
@STRING{jsa =     {Journal of Systems Architecture} }
@STRING{jssc =    {IEEE Journal of Solid-State Circuits} }
@STRING{jw =      {John Wiley \& Sons} }
@STRING{jw_a =    {New York} }
@STRING{kl =      {Kluwer} }
@STRING{kl_a =    {Boston, Massachusetts} }
@STRING{lctes =   {Proceedings of Languages, Compilers, and Tools for
                  Embedded Systems (LCTES)} }
@STRING{lncs =    {Lecture Notes in Computer Science} }
@STRING{memocode ={Proceedings of the International Conference on Formal
                  Methods and Models for Codesign (MEMOCODE)} }
@STRING{mgh =     {McGraw-Hill} }
@STRING{mgh_a =   {New York} }
@STRING{micro =   {Proceedings of the Annual International Symposium on
                  Microarchitecture (MICRO)} }
@STRING{mit =     {MIT Press} }
@STRING{mit_a =   {Cambridge, Massachusetts} }
@STRING{mk =      {Morgan Kaufmann} }
@STRING{mk_a =    {San Francisco, California} }
@STRING{nh =      {North-Holland} }
@STRING{nyny =    {New York, New York, USA} }
@STRING{oopsla =  {Proceedings of the Conference on Object-Oriented
                  Programming, Systems, Languages, and Applications
                  (OOPSLA)} }
@STRING{ora =     {O'Reilly \& Associates, Inc.} }
@STRING{ora_a =   {Sebastopol, California} }
@STRING{osdi =    {Proceedings of Operating System Design and Implemetation
                  (OSDI)} }
@STRING{pepm =    {Proceedings of the Workshop on Partial Evaluation and
                  Program Manipulation (PEPM)} }
@STRING{ph =      {Prentice Hall} }
@STRING{ph_a =    {Upper Saddle River, New Jersey} }
@STRING{pldi =    {Proceedings of Program Language Design and Implementation
                  (PLDI)} }
@STRING{popl =    {Proceedings of Principles of Programming Languages
                  (POPL)} }
@STRING{ppopp =   {Proceedings of Principles and Practice of Parallel
                  Programming (PPoPP)} }
@STRING{procieee ={Proceedings of the IEEE} }
@STRING{rtss =    {Proceedings of the IEEE Real-Time Systems Symposium
                  (RTSS)} }
@STRING{sac =     {Proceedings of the Symposium on Applied Computing (SAC)} }
@STRING{sas =     {Proceedings of the Static Analysis Symposium (SAS)} }
@STRING{scicompprog={Science of Computer Programming} }
@STRING{slap =    {Proceedings of Synchronous Languages, Applications, and
                  Programming (SLAP)} }
@STRING{software ={IEEE Software} }
@STRING{sosp =    {Symposium on Operating Systems Principles (SOSP)} }
@STRING{sp =      {Springer} }
@STRING{spe =     {Software: Practice and Experience} }
@STRING{surveys = {ACM Computing Surveys} }
@STRING{sv =      {Springer} }
@STRING{sv_a =    {Heidelberg, Germany} }
@STRING{tacas =   {Proceedings of Tools and Algorithms for the Construction
                  and Analysis of Systems (TACAS)} }
@STRING{tau =     {ACM International Workshop on Timing Issues in the Specification
                  and Synthesis of Digital Systems} }
@STRING{tcs =     {Theoretical Computer Science} }
@STRING{tecs =    {ACM Transactions on Embedded Computing Systems} }
@STRING{todaes =  {ACM Transactions on Design Automation of Electronic
                  Systems} }
@STRING{toplas =  {ACM Transactions on Programming Languages and Systems} }
@STRING{tosem =   {ACM Transactions on Software Engineering and Methodology} }
@STRING{transassp ={IEEE Transactions on Acoustics, Speech, and Signal
                  Processing} }
@STRING{transcad ={IEEE Transactions on Computer-Aided Design of Integrated
                  Circuits and Systems} }
@STRING{transcomp ={IEEE Transactions on Computers} }
@STRING{transedu ={IEEE Transactions on Education} }
@STRING{transnet ={IEEE/ACM Transactions on Networking} }
@STRING{transpds ={IEEE Transactions on Parallel and Distributed Systems} }
@STRING{transse = {IEEE Transactions on Software Engineering} }
@STRING{transvlsi ={IEEE Transactions on Very Large Scale Integration (VLSI)
                  Systems} }
@STRING{ucb =     {University of California, Berkeley} }
@STRING{usenix =  {Proceedings of the USENIX Annual Technical Conference} }
@STRING{vlsicircuits={Symposium on VLSI Circuits} }
@STRING{vmcai =   {Proceedings of Verification, Model Checking and Abstract
                  Interpretation (VMCAI)} }
@STRING{vnr =     {Van Nostrand Reinhold} }
@STRING{vnr_a =   {New York, New York} }
@STRING{sasimi =  {Proceedings of the Workshop on Synthesis and System Integration of Mixed Information Technologies (SASIMI)}}
@STRING{hosc =    {Higher-Order and Symbolic Computation}}
@STRING{haskell = {Proceedings of the Haskell Symposium}}
@STRING{lics    = {Proceedings of the Symposium on Logic in Computer Science (LICS)}}

@techreport{chong2016report,
author = {Chong, Stephen and Guttman, Joshua and Datta, Anupam and Myers, Andrew and Pierce, Benjamin and Schaumont, Patrick and Sherwood, Tim and Zeldovich, Nickolai},
title = {Report on the NSF Workshop on Formal Methods for Security},
year = {2016},
publisher = {National Science Foundation},
address = {USA},
abstract = {The NSF workshop on Security and Formal Methods, held 19--20 November 2015, brought
together developers of formal methods, researchers exploring how to apply formal methods
to various kinds of systems, and people familiar with the security problem space.}
}
